@ARTICLE{1991MaCom..56..741H,
   author = {{Hasegawa}, T. and {Torii}, T.},
    title = "{An automatic quadrature for Cauchy principal value integrals}",
  journal = {Mathematics of Computation},
 keywords = {Cauchy principal value integral, automatic integration, Chebyshev interpolation},
     year = 1991,
    month = apr,
   volume = 56,
    pages = {741-754},
      doi = {10.1090/S0025-5718-1991-1068816-1},
   adsurl = {http://adsabs.harvard.edu/abs/1991MaCom..56..741H},
  adsnote = {Provided by the SAO/NASA Astrophysics Data System}
}